<record xmlns="http://www.loc.gov/MARC21/slim">
   <leader>05901cam a2200481 i 4500</leader>
   <controlfield tag="001">6815366</controlfield>
   <controlfield tag="003">OCoLC</controlfield>
   <controlfield tag="005">20150210111437.0</controlfield>
   <controlfield tag="008">140918s2015    nyu      b    001 0 eng  </controlfield>
   <datafield ind1=" " ind2=" " tag="010">
      <subfield code="a">  2014035859</subfield>
   </datafield>
   <datafield ind1=" " ind2=" " tag="020">
      <subfield code="a">9781610394413</subfield>
      <subfield code="q">hardback :</subfield>
      <subfield code="c">$25.99</subfield>
   </datafield>
   <datafield ind1=" " ind2=" " tag="020">
      <subfield code="a">1610394410</subfield>
      <subfield code="q">hardback</subfield>
   </datafield>
   <datafield ind1=" " ind2=" " tag="020">
      <subfield code="z">9781610394420</subfield>
      <subfield code="q">e-book</subfield>
   </datafield>
   <datafield ind1=" " ind2=" " tag="035">
      <subfield code="a">ocn891185661</subfield>
   </datafield>
   <datafield ind1=" " ind2=" " tag="040">
      <subfield code="a">DLC</subfield>
      <subfield code="b">eng</subfield>
      <subfield code="e">rda</subfield>
      <subfield code="c">DLC</subfield>
      <subfield code="d">OCLCO</subfield>
      <subfield code="d">YDXCP</subfield>
      <subfield code="d">MOF</subfield>
      <subfield code="d">OCLCQ</subfield>
      <subfield code="d">IFK</subfield>
      <subfield code="d">ABG</subfield>
      <subfield code="d">BTCTA</subfield>
      <subfield code="d">BDX</subfield>
      <subfield code="d">CO2</subfield>
      <subfield code="d">COO</subfield>
      <subfield code="d">APL</subfield>
      <subfield code="d">LMR</subfield>
      <subfield code="d">MOF</subfield>
      <subfield code="d">UAB</subfield>
      <subfield code="d">AEU</subfield>
   </datafield>
   <datafield ind1=" " ind2=" " tag="042">
      <subfield code="a">pcc</subfield>
   </datafield>
   <datafield ind1=" " ind2=" " tag="043">
      <subfield code="a">n-us---</subfield>
   </datafield>
   <datafield ind1="0" ind2="0" tag="050">
      <subfield code="a">LB3060.83</subfield>
      <subfield code="b">.K36 2015</subfield>
   </datafield>
   <datafield ind1="0" ind2="0" tag="082">
      <subfield code="a">371.26</subfield>
      <subfield code="2">23</subfield>
   </datafield>
   <datafield ind1=" " ind2=" " tag="084">
      <subfield code="a">EDU030000</subfield>
      <subfield code="a">FAM016000</subfield>
      <subfield code="a">FAM034000</subfield>
      <subfield code="a">EDU011000</subfield>
      <subfield code="2">bisacsh</subfield>
   </datafield>
   <datafield ind1=" " ind2=" " tag="090">
      <subfield code="a">LB 3060.83 K36 2015</subfield>
      <subfield code="b">AGPC</subfield>
   </datafield>
   <datafield ind1=" " ind2=" " tag="090">
      <subfield code="a">LB 3060.83 K36 2015</subfield>
      <subfield code="b">AEU</subfield>
   </datafield>
   <datafield ind1="1" ind2=" " tag="100">
      <subfield code="a">Kamenetz, Anya,</subfield>
      <subfield code="d">1980-,</subfield>
      <subfield code="e">author.</subfield>
   </datafield>
   <datafield ind1="1" ind2="4" tag="245">
      <subfield code="a">The Test :</subfield>
      <subfield code="b">why our schools are obsessed with standardized testing-- but you don't have to be /</subfield>
      <subfield code="c">Anya Kamenetz.</subfield>
   </datafield>
   <datafield ind1="3" ind2="0" tag="246">
      <subfield code="a">Why our schools are obsessed with standardized testing-- but you don't have to be</subfield>
   </datafield>
   <datafield ind1=" " ind2=" " tag="250">
      <subfield code="a">First edition.</subfield>
   </datafield>
   <datafield ind1=" " ind2="1" tag="264">
      <subfield code="a">New York, NY :</subfield>
      <subfield code="b">PublicAffairs,</subfield>
      <subfield code="c">[2015]</subfield>
   </datafield>
   <datafield ind1=" " ind2=" " tag="300">
      <subfield code="a">vii, 262 pages ;</subfield>
      <subfield code="c">25 cm</subfield>
   </datafield>
   <datafield ind1=" " ind2=" " tag="336">
      <subfield code="a">text</subfield>
      <subfield code="b">txt</subfield>
      <subfield code="2">rdacontent</subfield>
   </datafield>
   <datafield ind1=" " ind2=" " tag="337">
      <subfield code="a">unmediated</subfield>
      <subfield code="b">n</subfield>
      <subfield code="2">rdamedia</subfield>
   </datafield>
   <datafield ind1=" " ind2=" " tag="338">
      <subfield code="a">volume</subfield>
      <subfield code="b">nc</subfield>
      <subfield code="2">rdacarrier</subfield>
   </datafield>
   <datafield ind1=" " ind2=" " tag="504">
      <subfield code="a">Includes bibliographical references (pages 223-248) and index.</subfield>
   </datafield>
   <datafield ind1="0" ind2=" " tag="505">
      <subfield code="a">The problem. Ten arguments against testing ; The history of tests ; The politics of tests -- The solutions. Opting out ; The four teams ; Measuring what matters ; Playing and winning the testing game.</subfield>
   </datafield>
   <datafield ind1=" " ind2=" " tag="520">
      <subfield code="a">"No sooner is a child walking and talking than the ABCs and 1-2-3s give way to the full-on alphabet soup: the ERBs, the OLSAT, the IQ, the NCLB for AYP, the IEP for ELLs, the CHAT and PDDST for ASD or LD and G &amp; T or ADD and ADHD, the PSATs, then the ACTs and SATs-all designed to assess and monitor a child's readiness for education. In many public schools, students are spending up to 28% of instructional time on testing and test prep. Starting this year, the introduction of the Common Core State Standards Initiative in 45 states will bring an unprecedented level of new, more difficult, and longer mandatory tests to nearly every classroom in the nation up to five times a year-forcing our national testing obsession to a crisis point. Taxpayers are spending extravagant money on these tests-up to $1.4 billion per year-and excessive tests are stunting children's spirits, adding stress to family life, and slowly killing our country's future competitiveness. Yet even so, we still want our kids to score off the charts on every test they take, in elementary school and beyond. And there will be a lot of them. How do we preserve space for self-directed learning and development, while also asking our children to make the score and make a mark? This book is an exploration of that dilemma, and a strategy for how to solve it. The Test explores all sides of this problem-where these tests came from, why they're here to stay, and ultimately what you as a parent or teacher can do. It introduces a set of strategies borrowed from fields as diverse as games, neuroscience, social psychology, and ancient philosophy to help children do as well as they can on tests, and, just as important, how to use the experience of test-taking to do better in life. Like Paul Tough's bestseller How Children Succeed, it illuminates the emerging science of grit, curiosity and motivation, but takes a step further to explore innovations in education-emerging solutions to the over-testing crisis-that are not widely known but that you can adapt today, at home and at school. And it presents the stories of families of all kinds who are maneuvering within and beyond the existing educational system, playing and winning the testing game. You'll learn, for example, what Bill Gates, a strong public proponent of testing, does to stoke self-directed curiosity in his children, and how Mackenzie Bezos, wife of Amazon founder Jeff Bezos and mother of three, creates individualized learning experiences for each of her children. All parents want their children to be successful, and their schools to deliver true opportunities. Yet these goals are often as likely to result in stress and arguments as actual progress. The Test is a book to help us think about these problems, and ultimately, move our own children towards the future we want for them, from elementary to high school and beyond."--</subfield>
      <subfield code="c">Provided by publisher.</subfield>
   </datafield>
   <datafield ind1=" " ind2=" " tag="520">
      <subfield code="a">"In many public schools, students are spending up to 28 percent of instructional time on testing and test prep. Starting this year, the introduction of the Common Core State Standards Initiative in 45 states will bring an unprecedented level of new, more difficult, and longer mandatory tests to nearly every classroom in the nation up to five times a year--forcing our national testing obsession to a crisis point. Taxpayers are spending extravagant money on these tests--up to $1.4 billion per year--and excessive tests are stunting children's spirits, adding stress to family life, and slowly killing our country's future competitiveness. Yet even so, we still want our kids to score off the charts on every test they take, in elementary school and beyond. And there will be a lot of them. This book is an exploration of that dilemma, and a strategy for how to solve it"--</subfield>
      <subfield code="c">Provided by publisher.</subfield>
   </datafield>
   <datafield ind1=" " ind2=" " tag="596">
      <subfield code="a">28 41</subfield>
   </datafield>
   <datafield ind1=" " ind2="0" tag="650">
      <subfield code="a">Education</subfield>
      <subfield code="x">Standards</subfield>
      <subfield code="z">United States.</subfield>
   </datafield>
   <datafield ind1=" " ind2="0" tag="650">
      <subfield code="a">Educational tests and measurements</subfield>
      <subfield code="z">United States.</subfield>
   </datafield>
   <datafield ind1=" " ind2="0" tag="650">
      <subfield code="a">Education and state</subfield>
      <subfield code="z">United States.</subfield>
   </datafield>
   <datafield ind1=" " ind2="0" tag="650">
      <subfield code="a">Academic achievement</subfield>
      <subfield code="z">United States.</subfield>
   </datafield>
   <datafield ind1=" " ind2=" " tag="949">
      <subfield code="a">LB 3060.83 K36 2015</subfield>
      <subfield code="h">UAED-B</subfield>
      <subfield code="i">0162035247368</subfield>
   </datafield>
   <datafield ind1=" " ind2=" " tag="926">
      <subfield code="a">LB 3060.83 K36 2015</subfield>
      <subfield code="w">LC</subfield>
      <subfield code="c">1</subfield>
      <subfield code="i">0162035247368</subfield>
      <subfield code="d">5/13/2015</subfield>
      <subfield code="e">5/4/2015</subfield>
      <subfield code="l">FLOOR_2</subfield>
      <subfield code="m">UAEDUC</subfield>
      <subfield code="n">2</subfield>
      <subfield code="p">$25.99</subfield>
      <subfield code="r">Y</subfield>
      <subfield code="s">Y</subfield>
      <subfield code="t">BOOK</subfield>
      <subfield code="u">3/4/2015</subfield>
   </datafield>
   <datafield ind1=" " ind2=" " tag="926">
      <subfield code="a">LB 3060.83 K36 2015</subfield>
      <subfield code="w">LC</subfield>
      <subfield code="c">1</subfield>
      <subfield code="i">31847001277943</subfield>
      <subfield code="l">ON_SHELF</subfield>
      <subfield code="m">GPRC_GP</subfield>
      <subfield code="p">$150.00</subfield>
      <subfield code="r">Y</subfield>
      <subfield code="s">Y</subfield>
      <subfield code="t">BOOK</subfield>
      <subfield code="u">5/7/2015</subfield>
   </datafield>
</record>
